@article{tillmann2021cardinality,
  title={Cardinality minimization, constraints, and regularization: a survey},
  author={Tillmann, Andreas M and Bienstock, Daniel and Lodi, Andrea and Schwartz, Alexandra},
  journal={SIAM Review},
  volume={66},
  number={3},
  pages={403--477},
  year={2024},
  publisher={SIAM}
}

@article{bourguignon2015exact,
  title     = {Exact sparse approximation problems via mixed-integer programming: Formulations and computational performance},
  author    = {Bourguignon, S{\'e}bastien and Ninin, Jordan and Carfantan, Herv{\'e} and Mongeau, Marcel},
  journal   = {Transactions on Signal Processing},
  volume    = {64},
  number    = {6},
  pages     = {1405--1419},
  year      = {2015},
  publisher = {IEEE}
}

@article{ben2022global,
  title     = {Global optimization for sparse solution of least squares problems},
  author    = {Ben Mhenni, Ramzi and Bourguignon, S{\'e}bastien and Ninin, Jordan},
  journal   = {Optimization Methods and Software},
  volume    = {37},
  number    = {5},
  pages     = {1740--1769},
  year      = {2022},
  publisher = {Taylor \& Francis}
}

@article{hazimeh2022sparse,
  title     = {Sparse regression at scale: Branch-and-bound rooted in first-order optimization},
  author    = {Hazimeh, Hussein and Mazumder, Rahul and Saab, Ali},
  journal   = {Mathematical Programming},
  volume    = {196},
  number    = {1},
  pages     = {347--388},
  year      = {2022},
  publisher = {Springer}
}

@article{samain2023techniques,
  title     = {Techniques for accelerating Branch-and-Bound algorithms dedicated to sparse optimization},
  author    = {Samain, Gwena{\"e}l and Bourguignon, S{\'e}bastien and Ninin, Jordan},
  journal   = {Optimization Methods and Software},
  pages     = {1--38},
  year      = {2023},
  publisher = {Taylor \& Francis}
}

@article{soussen2011bernoulli,
  title={From {B}ernoulli--{G}aussian deconvolution to sparse signal restoration},
  author={Soussen, Charles and Idier, J{\'e}r{\^o}me and Brie, David and Duan, Junbo},
  journal={IEEE Transactions on Signal Processing},
  volume={59},
  number={10},
  pages={4572--4584},
  year={2011},
  publisher={IEEE}
}

@article{tropp2010computational,
  title     = {Computational methods for sparse solution of linear inverse problems},
  author    = {Tropp, Joel A and Wright, Stephen J},
  journal   = {Proceedings of the IEEE},
  volume    = {98},
  number    = {6},
  pages     = {948--958},
  year      = {2010},
  publisher = {IEEE}
}

@article{bertsimas2021unified,
  title={A unified approach to mixed-integer optimization problems with logical constraints},
  author={Bertsimas, Dimitris and Cory-Wright, Ryan and Pauphilet, Jean},
  journal={SIAM Journal on Optimization},
  volume={31},
  number={3},
  pages={2340--2367},
  year={2021},
  publisher={SIAM}
}

@article{kronqvist2019review,
	author = {Kronqvist, Jan and Bernal, David E and Lundell, Andreas and Grossmann, Ignacio E},
	journal = {Optimization and Engineering},
	pages = {397--455},
	publisher = {Springer},
	title = {A review and comparison of solvers for convex MINLP},
	volume = {20},
	year = {2019}
}

@article{bertsimas2016best,
  title={BEST SUBSET SELECTION VIA A MODERN OPTIMIZATION LENS},
  author={Bertsimas, Dimitris and King, Angela and Mazumber, Rahul},
  journal={The Annals of Statistics},
  volume={44},
  number={2},
  pages={813--852},
  year={2016}
}

@article{el2012safe,
  title={Safe feature elimination for the {L}asso and sparse supervised learning problems},
  author={El Ghaoui, L},
  journal={Pacific Journal of Optimization},
  volume={8},
  number={4},
  pages={667},
  year={2012}
}